@article{MGCBT,
 author = {Grigore, Elena Corina},
 title = {{{I Robot, I Think}}},
 journaltitle = {{\normalfont University of Bristol, UK (work performed at the Bristol Robotics Lab, Bristol, UK)}},
 year = {2012},
 keywords = {thesis}
}

@inproceedings{grigore2018pref_assistance,
title={{Preference-Based Assistance Prediction for Human-Robot Collaboration Tasks}},
author={Grigore, Elena Corina and Roncone, Alessandro and Mangin, Olivier and Scassellati, Brian},
booktitle={Proceedings of the 31st IEEE/RSJ International Conference on Intelligent Robots and Systems (IROS)},
year={2018, October 1--5},
location={Madrid, Spain},
keywords = {publication},
sortkey={100}
}

@inproceedings{grigore2018predict_supportive,
title={{Predicting Supportive Behaviors for Human-Robot Collaboration}},
author={Grigore, Elena Corina and Mangin, Olivier and Roncone, Alessandro and Scassellati, Brian},
note={Extended Abstract},
booktitle={Proceedings of the 17th International Conference on Autonomous Agents and Multiagent Systems (AAMAS)},
location={Stockholm, Sweden},
year={2018, July 10--15},
keywords = {publication},
sortkey={101}
}

@inproceedings{grigore2017granularity,
title={{Discovering Action Primitive Granularity from Human Motion for Human-Robot Collaboration}},
author={Grigore, Elena Corina and Scassellati, Brian},
booktitle={Robotics: Science and Systems (RSS)},
location={Boston, USA},
year={2017, July 12--16},
keywords = {publication},
sortkey={102}
}

@inproceedings{grigore2016hmarl,
title={{Hierarchical Multi-Agent Reinforcement Learning through Communicative Actions for Human-Robot Collaboration}},
author={Grigore, Elena Corina and {Scassellati}, Brian},
booktitle={Proceedings of the Future of Interactive Learning Machines (FILM) Workshop at the 30th Annual Conference on Neural Information Processing Systems (NIPS)},
note={Full paper},
year={2016, December 5--10},
location={Barcelona, Spain},
keywords = {publication},
sortkey={103}
}


@inproceedings{grigore2016dialogue,
title={{Talk to Me: Verbal Communication Improves Perceptions of Friendship and Social Presence in Human-Robot Interaction}},
author={Grigore, Elena Corina and Pereira, Andre and Zhou, Ian and Wang, David and Scassellati, Brian},
booktitle={{Proceedings of the 16th International Conferences on Intelligent Virtual Agents (IVA)}},
location={Los Angeles, USA},
date={2016, September},
day={20--23},
pages={51--63. \textbf{Best paper finalist.}},
publisher={Springer},
keywords = {publication},
sortkey={105}
}

@inproceedings{grigore2016migration,
title={{Comparing Ways to Trigger Migration between a Robot and a Virtually Embodied Character}},
author={Grigore, Elena Corina and Pereira, Andre and Yang, Jie Jessica and Zhou, Ian and Wang, David and Scassellati, Brian},
booktitle={{Proceedings of the 8th International Conference on Social Robotics (ICSR)}},
location={Kansas City, USA},
year={2016, November 1--3},
pages={839--849. \textbf{Best student paper finalist.}},
publisher={Springer},
keywords = {publication},
sortkey={104}
}

@inproceedings{suman2016mimicry,
title={{Prior Behavior Impacts Human Mimicry of Robots}},
author={Suman, Apurv and Marvin, Rebecca and Grigore, Elena Corina and Admoni, Henny and Scassellati, Brian},
booktitle={Proceedings of the 25th IEEE International Symposium on Robot and Human Interactive Communication (RO-MAN)},
year={2016, August 26--31},
pages={1057--1062},
location={New York, USA},
keywords = {publication},
sortkey={106}
}

@incollection{grigore2016policies,
title={{Constructing Policies for Supportive Behaviors and Communicative Actions in Human-Robot Teaming}},
author={Grigore, Elena Corina and Scassellati, Brian},
booktitle={{Proceedings of the HRI Pioneers Workshop at the 11th ACM/IEEE International Conference on Human-Robot Interaction (HRI)}},
pages={615--616},
location={Christchurch, New Zealand},
year={2016, March 7--10},
keywords = {publication},
sortkey={107}
}

@inproceedings{grigore2015states,
  title={{Modeling Motivational States in Adaptive Robot Companions}},
  author={Grigore, Elena Corina and Pereira, Andre and Scassellati, Brian},
  booktitle={{2015 AAAI Fall Symposium Series}},
  year={2015, November 12--14},
  keywords = {publication},
  sortkey={108}
}

@incollection{grigore2015interpreting,
  title={{Modeling Motivational States Through Interpreting Physical Activity Data for Adaptive Robot Companions}},
  author={Grigore, Elena Corina},
  booktitle={{Proceedings of the 23rd International Conference on User Modelling, Adaptation and Personalization (UMAP)}},
  pages={379--384},
  year={2015, June 29--July 3},
  publisher={Springer},
  location={Dublin, Ireland},
  keywords = {publication},
  sortkey={109}
}

@incollection{grigoremaintaining,
  title={{Maintaining Engagement in Shared Goals with a Personal Robot Companion through Motivational State Modeling}},
  author={Grigore, Elena Corina and Scassellati, Brian},
  booktitle={{Proceedings of the Human-Robot Teaming Workshop at the 10th ACM/IEEE International Conference on Human-Robot Interaction (HRI)}},
  location={Portland, OR},
  year={2015,  March 2--5},
  keywords = {publication},
  sortkey={110}
}

@inproceedings{hayes2014developmentally,
  title={{A Developmentally Inspired Transfer Learning Approach for Predicting Skill Durations}},
  author={Hayes, Barry and Grigore, Elena Corina and Litoiu, Alexandru and Ramachandran, Aditi and Scassellati, Brian},
  booktitle={{Proceedings of the 4th Joint IEEE International Conferences on Development and Learning and Epigenetic Robotics (ICDL-Epirob)}},
  pages={181--186},
  year={2014, October 13--16},
  organization={IEEE},
  keywords = {publication},
  sortkey={111}
}

@inproceedings{short2014train,
  title={{How to Train Your Dragonbot: Socially Assistive Robots for Teaching Children about Nutrition through Play}},
  author={Short, Elaine and Swift-Spong, Katelyn and Greczek, Jillian and Ramachandran, Aditi and Litoiu, Alexandru and Grigore, Elena Corina and Feil-Seifer, David and Shuster, Samuel and Lee, Jin Joo and Huang, Shaobo and others},
  booktitle={Proceedings of the 23rd IEEE International Symposium on Robot and Human Interactive Communication (RO-MAN)},
  pages={924--929},
  year={2014, August 25--29},
  organization={IEEE},
  keywords = {publication},
  sortkey={112}
}

@incollection{grigorefeasibility,
  title={{Feasibility of SAR Approaches -- Helping Children with Learning Tasks}},
  author={Grigore, Elena Corina and Scassellati, Brian},
  booktitle={{Proceedings of International Workshop on Developmental Social Robotics (DevSor): Reasoning about Human, Perspective, Affordances and Effort for Socially Situated Robots at the 26th IEEE/RSJ International Conference on Intelligent Robots and Systems (IROS)}},
  pages={22--24},
  location={Tokyo, Japan},
  year={2013, November 3--7},
  keywords = {publication},
  sortkey={113}
}

@inproceedings{grigore2013joint,
  title={{Joint Action Understanding Improves Robot-to-Human Object Handover}},
  author={Grigore, Elena Corina and Eder, Kerstin and Pipe, Anthony G and Melhuish, Chris and Leonards, Ute},
  booktitle={Proceedings of the 26th IEEE/RSJ International Conference on Intelligent Robots and Systems (IROS)},
  pages={4622--4629},
  year={2013, November 3--7},
  organization={IEEE},
  keywords = {publication},
  sortkey={114}
}

@incollection{grigore2011towards,
  title={{Towards Safe Human-Robot Interaction}},
  author={Grigore, Elena Corina and Eder, Kerstin and Lenz, Alexander and Skachek, Sergey and Pipe, Anthony G and Melhuish, Chris},
  booktitle={Proceedings of the 12th Annual Towards Autonomous Robotic Systems (TAROS)},
  pages={323--335},
  year={2011, August 31--September 2},
  publisher={Springer},
  keywords = {publication},
  sortkey={115}
}






  keywords = {publication}

