@article{phd_thesis,
 author = {Grigore, Elena Corina},
 title = {{{Learning Supportive Behaviors for Adaptive Robots in Human-Robot Collaboration}}},
 journaltitle = {{\normalfont Yale University, USA}},
 year = {2018},
 keywords = {phd_thesis},
 note = {Available at: \url{https://scazlab.yale.edu/sites/default/files/files/corina_dissertation.pdf}.}
}

@article{ma_thesis,
 author = {Grigore, Elena Corina},
 title = {{{I Robot, I Think}}},
 journaltitle = {{\normalfont University of Bristol, UK (work performed at the Bristol Robotics Lab, Bristol, UK)}},
 year = {2012},
 keywords = {ma_thesis}
}

@inproceedings{grigore2020covernet,
  title={Covernet: Multimodal behavior prediction using trajectory sets},
  author={Phan-Minh, Tung and Grigore, Elena Corina and Boulton, Freddy A and Beijbom, Oscar and Wolff, Eric M},
  booktitle={Proceedings of the IEEE/CVF Conference on Computer Vision and Pattern Recognition (CVPR)},
  pages={14074--14083},
  year={2020, June 14â€“19},
  location={Virtual},
  keywords={publication},
  sortkey={110}
}

@inproceedings{grigore2020self_driving_domain_knowledge,
  title={Motion Prediction using Trajectory Sets and Self-Driving Domain Knowledge},
  author={Boulton, Freddy A and Grigore, Elena Corina and Wolff, Eric M},
  year={2020},
  note={Available at: arXiv preprint arXiv:2006.04767},
  keywords={publication},
  sortkey={111}
}

@inproceedings{grigore2018pref_assistance,
title={{Preference-Based Assistance Prediction for Human-Robot Collaboration Tasks}},
author={Grigore, Elena Corina and Roncone, Alessandro and Mangin, Olivier and Scassellati, Brian},
booktitle={Proceedings of the 31st IEEE/RSJ International Conference on Intelligent Robots and Systems (IROS)},
year={2018, October 1--5},
location={Madrid, Spain},
keywords = {publication},
sortkey={112}
}

@inproceedings{grigore2017granularity,
title={{Discovering Action Primitive Granularity from Human Motion for Human-Robot Collaboration}},
author={Grigore, Elena Corina and Scassellati, Brian},
booktitle={Robotics: Science and Systems (RSS)},
location={Boston, USA},
year={2017, July 12--16},
keywords = {publication},
sortkey={113}
}

@inproceedings{grigore2016hmarl,
title={{Hierarchical Multi-Agent Reinforcement Learning through Communicative Actions for Human-Robot Collaboration}},
author={Grigore, Elena Corina and {Scassellati}, Brian},
booktitle={Proceedings of the Future of Interactive Learning Machines (FILM) Workshop at the 30th Annual Conference on Neural Information Processing Systems (NeurIPS)},
note={Full paper},
year={2016, December 5--10},
location={Barcelona, Spain},
keywords = {publication},
sortkey={114}
}

@inproceedings{short2014train,
  title={{How to Train Your Dragonbot: Socially Assistive Robots for Teaching Children about Nutrition through Play}},
  author={Short, Elaine and Swift-Spong, Katelyn and Greczek, Jillian and Ramachandran, Aditi and Litoiu, Alexandru and Grigore, Elena Corina and Feil-Seifer, David and Shuster, Samuel and Lee, Jin Joo and Huang, Shaobo and others},
  booktitle={Proceedings of the 23rd IEEE International Symposium on Robot and Human Interactive Communication (RO-MAN)},
  pages={924--929},
  year={2014, August 25--29},
  organization={IEEE},
  keywords = {publication},
  sortkey={115}
}


@inproceedings{grigore2013joint,
  title={{Joint Action Understanding Improves Robot-to-Human Object Handover}},
  author={Grigore, Elena Corina and Eder, Kerstin and Pipe, Anthony G and Melhuish, Chris and Leonards, Ute},
  booktitle={Proceedings of the 26th IEEE/RSJ International Conference on Intelligent Robots and Systems (IROS)},
  pages={4622--4629},
  year={2013, November 3--7},
  organization={IEEE},
  keywords = {publication},
  sortkey={116}
}


  keywords = {publication}

